<?xml version="1.0" encoding="UTF-8"?><collection xmlns="http://www.loc.gov/MARC21/slim"><record><leader>00482nam--2200181-i-4500</leader><controlfield tag="001">000013087</controlfield><controlfield tag="002">20161230</controlfield><controlfield tag="005">20161230201030</controlfield><controlfield tag="008">060222s1000------------r-----000-0-eng-d</controlfield><datafield ind1=" " ind2=" " tag="020"><subfield code="a">0855010924</subfield></datafield><datafield ind1=" " ind2=" " tag="040"><subfield code="a">IFIN-HH</subfield></datafield><datafield ind1=" " ind2=" " tag="080"><subfield code="a">539.1.074.3</subfield></datafield><datafield ind1="1" ind2=" " tag="100"><subfield code="a">Dyer, A</subfield></datafield><datafield ind1="1" ind2="0" tag="245"><subfield code="a">An introduction to liquid scintillation counting</subfield><subfield code="c">A. dyer</subfield></datafield><datafield ind1=" " ind2=" " tag="260"><subfield code="a">London, Heyden, 1974</subfield><subfield code="b">Heyden</subfield><subfield code="c">1974</subfield></datafield><datafield ind1=" " ind2=" " tag="300"><subfield code="a">XIII+111P</subfield></datafield><datafield ind1=" " ind2=" " tag="852"><subfield code="a">47265</subfield><subfield code="c">539.1.07:539.1.08</subfield></datafield><datafield ind1=" " ind2=" " tag="CAT"><subfield code="a">Sys</subfield><subfield code="c">20111027</subfield><subfield code="h">124931</subfield></datafield></record></collection>